@book{HoTT13,
  title={Homotopy Type Theory: Univalent Foundations of Mathematics},
  author={Coquand, Thierry and  Martin-L{\"o}f, Per and  Voevodsky, Vladimir and  Joyal, Andr{\'e} and  Bauer, Andrej and  Awodey, Steve and  Sozeau, Matthieu and  Shulman, Michael and  Licata, Dan and  Bertot, Yves and  Dybjer, Peter and  Gambino, Nicola},
  journal={arXiv preprint arXiv:1308.0729},
  year={2013}
}

@book{Lof72,
  title     = {The Theory of Types},
  author    = {Martin-L{\"o}f, Per and Sambin, Giovanni},
  series    = {Studies in proof theory},
  year      = {1972}
}

@incollection{Lof75,
  title={An intuitionistic theory of types: Predicative part},
  author={Martin-L{\"o}f, Per},
  booktitle={Studies in Logic and the Foundations of Mathematics},
  volume={80},
  pages={73--118},
  year={1975},
  publisher={Elsevier}
}

@book{Lof84,
  title     = {Intuitionistic type theory},
  author    = {Martin-L{\"o}f, Per and Sambin, Giovanni},
  series    = {Studies in proof theory},
  url       = {https://books.google.com.ua/books?id=\_D0ZAQAAIAAJ},
  year      = {1984},
  publisher = {Bibliopolis}
}

@inproceedings{Coq88,
  author = {Coquand, Thierry and Huet, Gerard},
  title = {The Calculus of Constructions},
  booktitle = {Information and Computation},
  year = {1988},
  issn = {0890-5401},
  pages = {95--120},
  numpages = {26},
  url = {http://dx.doi.org/10.1016/0890-5401(88)90005-3},
  doi = {10.1016/0890-5401(88)90005-3},
  acmid = {47725},
  publisher = {Academic Press, Inc.},
  address = {Duluth, MN, USA},
}

@INPROCEEDINGS{Hofmann96,
  author = {Martin Hofmann and Thomas Streicher},
  title = {The Groupoid Interpretation of Type Theory},
  booktitle = {In Venice Festschrift},
  pages = {83--111},
  year = {1996},
  publisher = {Oxford University Press}
}

@article{Hermida95,
  title={Fibrations with Indeterminates: Contextual and Functional Completeness for Polymorphic Lambda Calculi},
  author={Claudio Hermida and Bart Jacobs},
  journal={Mathematical Structures in Computer Science},
  year={1995},
  volume={5},
  pages={501-531}
}
@article{Dybjer08,
  author = {Buisse, Alexandre and Dybjer, Peter},
  title = {The Interpretation of Intuitionistic Type Theory in Locally Cartesian Closed Categories -- an Intuitionistic Perspective},
  journal = {Electron. Notes Theor. Comput. Sci.},
  issue_date = {October, 2008},
  volume = {218},
  month = oct,
  year = {2008},
  issn = {1571-0661},
  pages = {21--32},
  numpages = {12},
  url = {http://dx.doi.org/10.1016/j.entcs.2008.10.003},
  doi = {10.1016/j.entcs.2008.10.003},
  acmid = {1455085},
  publisher = {Elsevier Science Publishers B. V.},
  address = {Amsterdam, The Netherlands, The Netherlands},
  keywords = {Coq, E-category, Martin-L\"{o}f intuitionistic type theory, locally cartesian closed category},
}

@InProceedings{Abel08,
  author="Abel, Andreas and Coquand, Thierry and Dybjer, Peter",
  editor="Garrigue, Jacques and Hermenegildo, Manuel V.",
  title="On the Algebraic Foundation of Proof Assistants for Intuitionistic Type Theory",
  booktitle="Functional and Logic Programming",
  year="2008",
  publisher="Springer Berlin Heidelberg",
  address="Berlin, Heidelberg",
  pages="3--13",
  abstract="An algebraic presentation of Martin-L{\"o}f's intuitionistic type theory is given which is based on the notion of a category with families with extra structure. We then present a type-checking algorithm for the normal forms of this theory, and sketch how it gives rise to an initial category with families with extra structure. In this way we obtain a purely algebraic formulation of the correctness of the type-checking algorithm which provides the core of proof assistants for intuitionistic type theory.",
  isbn="978-3-540-78969-7"
}

@article{Curien14,
  title={Revisiting the categorical interpretation of dependent type theory},
  author={Curien, Pierre-Louis and Garner, Richard and Hofmann, Martin},
  journal={Theoretical Computer Science},
  volume={546},
  pages={99--119},
  year={2014},
  publisher={Elsevier}
}

@book{Bishop67,
  title={Foundations of constructive analysis},
  author={Bishop, Errett},
  year={1967}
}

@book{Nordstrom90,
  title={Programming in Martin-L{\"o}fâ€™s type theory},
  author={Nordstr{\"o}m, Bengt and Petersson, Kent and Smith, Jan M},
  volume={200},
  year={1990},
  publisher={Oxford University Press Oxford}
}

@article{Sozeau,
  title={Internalizing Intensional Type Theory},
  author={Sozeau, Matthieu and Tabareau, Nicolas}
}

@inproceedings{Hofmann94,
  title={The groupoid model refutes uniqueness of identity proofs},
  author={Hofmann, Martin and Streicher, Thomas},
  booktitle={Logic in Computer Science, 1994. LICS'94. Proceedings., Symposium on},
  pages={208--212},
  year={1994},
  organization={IEEE}
}

@book{Jacobs99,
  title={Categorical logic and type theory},
  author={Jacobs, Bart},
  volume={141},
  year={1999},
  publisher={Elsevier}
}

@inproceedings{Mortberg17,
  author    = {Cyril Cohen and Thierry Coquand and Simon Huber and Anders M{\"{o}}rtberg},
  booktitle = {Cubical Type Theory: a constructive interpretation of the univalence axiom},
  journal   = {CoRR},
  volume    = {abs/1611.02108},
  year      = {2017}
}

@article{Huber16,
  title={Cubical intepretations of type theory},
  author={Huber, Simon},
  year={2016}
}

@inproceedings{Ore92,
  title = "The Extended Calculus of Constructions (ECC) with inductive types",
  booktitle = "Information and Computation",
  volume = "99",
  number = "2",
  pages = "231 - 264",
  year = "1992",
  issn = "0890-5401",
  doi = "https://doi.org/10.1016/0890-5401(92)90031-A",
  url = "http://www.sciencedirect.com/science/article/pii/089054019290031A",
  author = "Christian-Emil Ore"
}

@inproceedings{Tonpa18,
  title={The systems engineering of consistent pure language with effect type system for certified applications and higher languages},
  author={Sokhatskyi, Maksym and Maslianko, Pavlo},
  booktitle={AIP Conference Proceedings},
  volume={1982},
  number={1},
  pages={020033},
  year={2018},
  organization={AIP Publishing}
}

@inproceedings{Pfenning89,
  author    = {Frank Pfenning and Christine Paulin{-}Mohring},
  title     = {Inductively Defined Types in the Calculus of Constructions},
  booktitle = {Mathematical Foundations of Programming Semantics, 5th International
               Conference, Tulane University, New Orleans, Louisiana, USA, March
               29 - April 1, 1989, Proceedings},
  pages     = {209--228},
  year      = {1989},
  url       = {https://doi.org/10.1007/BFb0040259},
  doi       = {10.1007/BFb0040259},
  timestamp = {Fri, 19 May 2017 13:10:47 +0200},
  biburl    = {http://dblp.org/rec/bib/conf/mfps/PfenningP89},
  bibsource = {dblp computer science bibliography, http://dblp.org}
}

@inproceedings{Dybjer94,
  booktitle={Inductive families},
  author={Dybjer, Peter},
  journal={Formal aspects of computing},
  volume={6},
  pages={440--465},
  year={1994},
  publisher={Springer}
}
